
@incollection{bond_fires_2017,
	title = {Fires, {Ecological} {Effects} of},
	isbn = {978-0-12-809633-8},
	url = {https://linkinghub.elsevier.com/retrieve/pii/B9780128096338020987},
	language = {en},
	urldate = {2022-08-02},
	booktitle = {Reference {Module} in {Life} {Sciences}},
	publisher = {Elsevier},
	author = {Bond, W.J. and Keane, R.E.},
	year = {2017},
	doi = {10.1016/B978-0-12-809633-8.02098-7},
	pages = {B9780128096338020987},
	file = {Bond and Keane - 2017 - Fires, Ecological Effects of ☆.pdf:/home/mjpc13/Zotero/storage/6WZ5VI5E/Bond and Keane - 2017 - Fires, Ecological Effects of ☆.pdf:application/pdf},
}

@article{turco_decreasing_2016,
	title = {Decreasing {Fires} in {Mediterranean} {Europe}},
	volume = {11},
	issn = {1932-6203},
	url = {https://dx.plos.org/10.1371/journal.pone.0150663},
	doi = {10.1371/journal.pone.0150663},
	language = {en},
	number = {3},
	urldate = {2022-08-02},
	journal = {PLOS ONE},
	author = {Turco, Marco and Bedia, Joaquín and Di Liberto, Fabrizio and Fiorucci, Paolo and von Hardenberg, Jost and Koutsias, Nikos and Llasat, Maria-Carmen and Xystrakis, Fotios and Provenzale, Antonello},
	editor = {Carcaillet, Christopher},
	month = mar,
	year = {2016},
	pages = {e0150663},
	file = {Full Text:/home/mjpc13/Zotero/storage/CCH8LRYH/Turco et al. - 2016 - Decreasing Fires in Mediterranean Europe.pdf:application/pdf},
}

@book{european_commission_joint_research_centre_forest_2021,
	address = {LU},
	title = {Forest {Fires} in {Europe}, {Middle} {East} and {North} {Africa} 2020.},
	url = {https://data.europa.eu/doi/10.2760/059331},
	language = {eng},
	urldate = {2022-08-02},
	publisher = {Publications Office},
	author = {{European Commission. Joint Research Centre.}},
	year = {2021},
}
